@inproceedings{Elliott,
 author = {Elliott, Conal M.},
 title = {Push-pull functional reactive programming},
 booktitle = {Proceedings of the 2nd ACM SIGPLAN symposium on Haskell},
 series = {Haskell '09},
 year = {2009},
 isbn = {978-1-60558-508-6},
 location = {Edinburgh, Scotland},
 pages = {25--36},
 numpages = {12},
 url = {http://doi.acm.org/10.1145/1596638.1596643},
 doi = {10.1145/1596638.1596643},
 acmid = {1596643},
 publisher = {ACM},
 address = {New York, NY, USA},
 keywords = {concurrency, data-driven, demand-driven, functional reactive programming, semantics},
}

@inproceedings{Jeltsch,
 author = {Jeltsch, Wolfgang},
 title = {Temporal logic with "Until", functional reactive programming with processes, and concrete process categories},
 booktitle = {Proceedings of the 7th workshop on Programming languages meets program verification},
 series = {PLPV '13},
 year = {2013},
 isbn = {978-1-4503-1860-0},
 location = {Rome, Italy},
 pages = {69--78},
 numpages = {10},
 url = {http://doi.acm.org/10.1145/2428116.2428128},
 doi = {10.1145/2428116.2428128},
 acmid = {2428128},
 publisher = {ACM},
 address = {New York, NY, USA},
 keywords = {categorical semantics, category theory, causality, curry-howard correspondence, functional reactive programming},
} 

@inproceedings{Jeffrey,
 author = {Jeffrey, Alan},
 title = {{LTL} types {FRP}: linear-time temporal logic propositions as types, proofs as functional reactive programs},
 booktitle = {Proceedings of the sixth workshop on Programming languages meets program verification},
 series = {PLPV '12},
 year = {2012},
 isbn = {978-1-4503-1125-0},
 location = {Philadelphia, Pennsylvania, USA},
 pages = {49--60},
 numpages = {12},
 url = {http://doi.acm.org/10.1145/2103776.2103783},
 doi = {10.1145/2103776.2103783},
 acmid = {2103783},
 publisher = {ACM},
 address = {New York, NY, USA},
 keywords = {dependent types, functional reactive programming, linear-time temporal logic},
} 

@inproceedings{Krishnaswami,
 author = {Krishnaswami, Neelakantan R. and Benton, Nick},
 title = {Ultrametric Semantics of Reactive Programs},
 booktitle = {Proceedings of the 2011 IEEE 26th Annual Symposium on Logic in Computer Science},
 series = {LICS '11},
 year = {2011},
 isbn = {978-0-7695-4412-0},
 pages = {257--266},
 numpages = {10},
 url = {http://dx.doi.org/10.1109/LICS.2011.38},
 doi = {10.1109/LICS.2011.38},
 acmid = {2059621},
 publisher = {IEEE Computer Society},
 address = {Washington, DC, USA},
}
